|0000|TESTE LTDA|23004906000180|
|N001|1|
|N100|23004906000180|TESTE LTDA|135418|1|02052024|SAIDA|35240523004906000180550010001354181002078142|23.004.906/0001-80||DANIELA EVANGELISTA DA SILVA|BA|80,00||05_2024|27092024|AUTORIZADA|||
|N170|23004906000180|135418|1|1|AERCX02RD|CAIXA DE SOM BLUETOOTH COR VERMELHO CARMIM AERBOX 2|85182100|2949|80,00|1,0000|UN|80,00|0,00|0,00|0,00|0,00|80,00|||80,00|4,00|3,20|0,00|0,00|0,00|0,00|03|0,00|
|N990|2|
|Z001|0|
|Z990|0|
|9999|2|
